@article{sarkar2024crop,
  title={Crop Yield Prediction Using Multimodal Meta-Transformer and Temporal Graph Neural Networks},
  author={Sarkar, Somrita and Dey, Anamika and Pradhan, Ritam and Sarkar, Upendra Mohan and Chatterjee, Chandranath and Mondal, Arijit and Mitra, Pabitra},
  journal={IEEE Transactions on AgriFood Electronics},
  year={2024},
  publisher={IEEE}
}